A0000000019042600220GORE MUTUAL INSURANCE         180904RETF                    
B0000000029042600220D00000099190182429000000000000231123700520129216            
10000000039042600220VAN STREPEN-BEAUCHAMP,LISA    0001244263317647     90100000 
B0000000049042600220D00000149660182429000000000000231153700520129216            
10000000059042600220BEAUCHAMP,LISA                0001244263317647     90100000 
B0000000069042600220D00000334490182429000000000000335436700520129216            
10000000079042600220LINDGRIN,DEBORAH R            0001271003121446     90100000 
B0000000089042600220D00000054940182429000000000000476313700520129216            
10000000099042600220ROSE UNDERWOOD                0001231723990139     90100000 
B0000000109042600220D00000093020182429000000000000493186700520129216            
10000000119042600220REINA RODRIGUEZ DE CHITTICK   0001242723981613     90100000 
B0000000129042600220D00000212430182429000000000000530136700520129216            
10000000139042600220LINA LIV                      0001047323963590     90100000 
B0000000149042600220D00000063050182429000000000000549217700520129216            
10000000159042600220KREISZ,FRANK                  0001030823116343     90100000 
B0000000169042600220D00000073380182429000000000000582600700520129216            
10000000179042600220MATSUBA,NAOMI                 0001072703123892     90100000 
B0000000189042600220D00000148820182429000000000000618124700520129216            
10000000199042600220BANK OF MONTREAL              0001237623998325     90100000 
B0000000209042600220D00000401820182429000000000000618449700520129216            
10000000219042600220REYZEL SALUDO                 0001244263602798     90100000 
B0000000229042600220D00000178220182429000000000000703112700520129216            
10000000239042600220RAY STEENBURG                 0001035223208365     90100000 
B0000000249042600220D00000060890182429000000000000722051700520129216            
100000002590426002209923977 CANADA INC. O/A MISTER0001244261996666     90100000 
B0000000269042600220D00000231440182429000000000000722848700520129216            
10000000279042600220DANIELLE BROUSSARD            0001040523080460     90100000 
B0000000289042600220D00000287840182429000000000000727946700520129216            
10000000299042600220AVRIL MARIA SALMON            0001292423904855     90300000 
B0000000309042600220D00000322130182429000000000000732278700520129216            
10000000319042600220DALJIT KAUR BHATTI/JASVIAR BHA0001047423654505     90100000 
B0000000329042600220D00000108870182429000000000000733646700520129216            
10000000339042600220MOURAO, ANNE                  0001279428994935     90100000 
B0000000349042600220D00000188500182429000000000000753133700520129216            
10000000359042600220MIKE BENHAM                   0001249628066956     90100000 
B0000000369042600220D00000255570182429000000000000758568700520129216            
10000000379042600220LEO KOOSTACHIN                0001041428976817     90100000 
B0000000389042600220D00000120510182429000000000000430104700520129216            
10000000399042600220NEW VISION HOMES              0003024321001775     90100000 
B0000000409042600220D00000240580182429000000000000499420700520129216            
10000000419042600220NEW VISION HOMES              0003024321001775     90100000 
B0000000429042600220D00000255770182429000000000000683736700520129216            
10000000439042600220DIVERSE ELECTRIC LTD.         0003036001021997     90100000 
B0000000449042600220D00000120380182429000000000000773112700520129216            
10000000459042600220LAURA LEE BROUSE              06140015200400723608190100000 
B0000000469042600220D00000151640182429000000000000673550700520129216            
10000000479042600220JAMAL, AKO                    0004324066071023     90100000 
B0000000489042600220D00000202530182429000000000000382327700520129216            
10000000499042600220ELIZABETH AND MATT REDDICK    00043496204166218591 90100000 
B0000000509042600220D00000081710182429000000000000715988700520129216            
10000000519042600220HUDAYI KAYGISIZ               0004801796008867     90100000 
B0000000529042600220D00000057930182429000000000000702451700520129216            
10000000539042600220LEO RUGE                      00040163275275224373 90100000 
B0000000549042600220D00000125520182429000000000000590761700520129216            
10000000559042600220GREEN SPROUTS                 00040321279195264709 90100000 
B0000000569042600220D00000398510182429000000000000770762700520129216            
10000000579042600220BRADLEY KRIZMANICH            0004311025219183     90100000 
B0000000589042600220D00000103250182429000000000000765381700520129216            
10000000599042600220ADAM MUSCATELLO               0004318225003523     90100000 
B0000000609042600220D00000205560182429000000000000751231700520129216            
10000000619042600220NICHOLAS STEVENSON            0004002326368040     90100000 
B0000000629042600220D00000096240182429000000000000680610700520129216            
10000000639042600220TODD C MCKECHNIE              0004007126348515     90100000 
B0000000649042600220D00000196810182429000000000000768675700520129216            
10000000659042600220MARTIN MORRIS                 0004008226387144     90100000 
B0000000669042600220D00000931950182429000000000000770916700520129216            
10000000679042600220RONALD COLIN HINDS            00040240277966309480 90100000 
B0000000689042600220D00000059940182429000000000000619447700520129216            
10000000699042600220ANNEMIEK DANNER               0004024426246488     90100000 
B0000000709042600220D00000068930182429000000000000570693700520129216            
10000000719042600220DIANA ASELSTINE               00040391283166426911 90100000 
B0000000729042600220D00000088700182429000000000000692791700520129216            
10000000739042600220GARTH WILLIAMS                0004053626542655     90100000 
B0000000749042600220D00000107950182429000000000000682144700520129216            
10000000759042600220GARTH WILLIAMS                0004053626542655     90100000 
B0000000769042600220D00000146960182429000000000000438484700520129216            
10000000779042600220ANGELA CRUIKSHANKS            0004062025318906     90100000 
B0000000789042600220D00000168620182429000000000000699674700520129216            
10000000799042600220PAWANPREET DHALIWAL           00041185211856833908 90100000 
B0000000809042600220D00000342520182429000000000000760193700520129216            
10000000819042600220YARED AFEWORK MENGITSU        0004144026810545     90100000 
B0000000829042600220D00000108440182429000000000000768664700520129216            
10000000839042600220VIVIANA A MONTEALEGRE         00041592206646280181 90300000 
B0000000849042600220D00000021460182429000000000000598818700520129216            
10000000859042600220SARAH ALLENSEN                0004174026254111     90100000 
B0000000869042600220D00000197530182429000000000000406351700520129216            
10000000879042600220NORMANDIN,DIANE               0004203826131946     90100000 
B0000000889042600220D00000063760182429000000000000702445700520129216            
10000000899042600220LORRIE KREBS                  0004227223107139     90100000 
B0000000909042600220D00000154840182429000000000000755651700520129216            
10000000919042600220MOSQUREA CORREA, CHRISTINE    0004228426125205     90300000 
B0000000929042600220D00000202760182429000000000000575282700520129216            
10000000939042600220JENNIFER ABOAGYE              00042512202006230186 90100000 
B0000000949042600220D00000144880182429000000000000542892700520129216            
10000000959042600220SHANE DERBYSHIRE              0004280826509733     90100000 
B0000000969042600220D00000110070182429000000000000153777700520129216            
10000000979042600220DEBORAH MCGREGOR              00043384204096317571 90100000 
B0000000989042600220D00000216330182429000000000000604011700520129216            
10000000999042600220TD CANADA TRUST               00043392204066227644 90800000 
B0000001009042600220D00000075110182429000000000000340076700520129216            
10000001019042600220JERRY & KELLY KNIGHT          00043448204113111126 90100000 
B0000001029042600220D00000254010182429000000000000575043700520129216            
10000001039042600220LEE CUDNEY                    0004379226297759     90100000 
B0000001049042600220D00000041560182429000000000000746157700520129216            
10000001059042600220CORY PATTISON                 00043807238076042363 90100000 
B0000001069042600220D00000106250182429000000000000535007700520129216            
10000001079042600220GLEN FORD                     00043814204816233001 90100000 
B0000001089042600220D00000186270182429000000000000657465700520129216            
10000001099042600220TERRY-LYNN D BOEGEL           0004017426376752     90500000 
B0000001109042600220D00000126080182429000000000000225071700520129216            
10000001119042600220MR MARK L FILIPOVIC           00103080000009247117690100000 
B0000001129042600220D00000185950182429000000000000528061700520129216            
10000001139042600220REBECCA M. FLORIS             00103080000009156271090100000 
B0000001149042600220D00000247640182429000000000000567980700520129216            
10000001159042600220ONTECH ALARM SYSTEMS INC.     0010073826816215     90100000 
B0000001169042600220D00000178110182429000000000000667284700520129216            
10000001179042600220MARIA LA ROSA                 0010035925538394     91100000 
B0000001189042600220D00000084170182429000000000000723552700520129216            
10000001199042600220ARUNA WICKRAMAGE              0010025327494599     90100000 
B0000001209042600220D00000134560182429000000000000726049700520129216            
10000001219042600220TANYA J LAWRENCE              00103080000002406372990100000 
B0000001229042600220D00000087960182429000000000000726058700520129216            
10000001239042600220TANYA LAWRENCE                00103080000002406372990100000 
B0000001249042600220D00000142910182429000000000000741938700520129216            
10000001259042600220KALLIE ANN DOUCETTE           0010003837412533     90100000 
B0000001269042600220D00000627900182429000000000000742082700520129216            
10000001279042600220WILLIAM SAUNDERS              0010003897480431     90300000 
B0000001289042600220D00000097950182429000000000000765361700520129216            
10000001299042600220CANADIAN PRO INTERLOCKING     0010054221687611     90100000 
B0000001309042600220D00000038760182429000000000000603924700520129216            
10000001319042600220LISA PEARCE                   0006088210166704     90100000 
B0000001329042600220D00000152620182429000000000000684555700520129216            
10000001339042600220JEAN-MAURICE LABELLE          0006031112368002     90500000 
B0000001349042600220D00000022000182429000000000000684556700520129216            
10000001359042600220JEAN-MAURICE LABELLE          0006031112368002     90500000 
B0000001369042600220D00000141880182429000000000000573562700520129216            
10000001379042600220COAST CAPITAL SAVINGS CREDIT U08091727010100031215790100000 
B0000001389042600220D00000026290182429000000000000510370700520129216            
10000001399042600220SARA E MALLORY                08370027200014094994990100000 
B0000001409042600220D00000048840182449000000000000479658700520129216            
10000001419042600220LOUISE WILLS                  0001001523170684     90500000 
B0000001429042600220D00000081530182469000000000000771221700520129216            
10000001439042600220SEAN AVILA                    0001049323897276     90500000 
B0000001449042600220D00000308680182469000000000000771447700520129216            
10000001459042600220MICHAEL DELANEY               0001248523974508     90500000 
B0000001469042600220D00000279240182439 099364   00709812700520129216            
10000001479042600220KADOTKASAN VELAUTHAM          0003058825161799     90100000 
B0000001489042600220D00000173630182429000000000000079779700520129216            
10000001499042600220R.D. (ROB) NORTON O/A         0003013601005214     90100000 
B0000001509042600220D00000226880182439000000000000570489700520129216            
10000001519042600220LANCE & DENISE WOODROFFE      0003033725163761     90100000 
B0000001529042600220D00000123690182429000000000000640675700520129216            
10000001539042600220HALL, EDWARD                  0003035825000245     90300000 
B0000001549042600220D00000021150182439000000000000675881700520129216            
10000001559042600220HYO SEON KIM LEE              0003092775084322     90100000 
B0000001569042600220D00000409250182439000000000000773305700520129216            
10000001579042600220DALJIT SAGGU & HARSIMRAN SAGGU08091541000009106080591200000 
B0000001589042600220D00000228910182439 099364   00662372700520129216            
10000001599042600220BANK OF NOVA SCOTIA           0002830300021229     91700000 
B0000001609042600220D00000070060182439000000000000750497700520129216            
10000001619042600220JOHN T FOSTER                 0002008020216887     90100000 
B0000001629042600220D00000960040182439000000000000772111700520129216            
10000001639042600220MR CHARLTON J MORTIMER        0002018420434981     90100000 
B0000001649042600220D00000177430182439000000000000497399700520129216            
10000001659042600220INFINITY MEDICAL COSMETICS    0002502520051411     91100000 
B0000001669042600220D00001415550182439000000000000740727700520129216            
10000001679042600220BILL TSIOTSIKAS               0002917020021733     90100000 
Z000000168904260022000083000016239700000000000000000RETF                        
